[{"timestamp":1532516168,"tid":272625141,"price":"8220.2","amount":"0.21211604","exchange":"bitfinex","type":"buy"},{"timestamp":1532516168,"tid":272625140,"price":"8220.1","amount":"0.1","exchange":"bitfinex","type":"buy"},{"timestamp":1532516168,"tid":272625139,"price":"8220.1","amount":"0.18788396","exchange":"bitfinex","type":"buy"},{"timestamp":1532516163,"tid":272625127,"price":"8220.1","amount":"0.80631604","exchange":"bitfinex","type":"buy"},{"timestamp":1532516159,"tid":272625121,"price":"8220.1","amount":"0.0058","exchange":"bitfinex","type":"buy"},{"timestamp":1532516158,"tid":272625116,"price":"8220.1","amount":"0.02287164","exchange":"bitfinex","type":"buy"},{"timestamp":1532516158,"tid":272625115,"price":"8220.1","amount":"0.6089","exchange":"bitfinex","type":"buy"},{"timestamp":1532516158,"tid":272625114,"price":"8220.1","amount":"1.67822836","exchange":"bitfinex","type":"buy"},{"timestamp":1532516157,"tid":272625111,"price":"8220.1","amount":"0.005","exchange":"bitfinex","type":"buy"},{"timestamp":1532516153,"tid":272625084,"price":"8220.1","amount":"0.02201083","exchange":"bitfinex","type":"buy"},{"timestamp":1532516151,"tid":272625077,"price":"8220.1","amount":"0.0087","exchange":"bitfinex","type":"buy"},{"timestamp":1532516147,"tid":272625061,"price":"8220.1","amount":"0.52","exchange":"bitfinex","type":"buy"},{"timestamp":1532516147,"tid":272625060,"price":"8220.0","amount":"0.04951704","exchange":"bitfinex","type":"sell"},{"timestamp":1532516141,"tid":272625051,"price":"8220.0","amount":"0.1","exchange":"bitfinex","type":"sell"},{"timestamp":1532516140,"tid":272625050,"price":"8220.1","amount":"5.5798","exchange":"bitfinex","type":"buy"},{"timestamp":1532516137,"tid":272625048,"price":"8220.1","amount":"0.03","exchange":"bitfinex","type":"buy"},{"timestamp":1532516128,"tid":272625030,"price":"8220.1","amount":"0.35","exchange":"bitfinex","type":"buy"},{"timestamp":1532516119,"tid":272625011,"price":"8220.1","amount":"0.03923693","exchange":"bitfinex","type":"buy"},{"timestamp":1532516119,"tid":272625009,"price":"8220.1","amount":"0.12161224","exchange":"bitfinex","type":"buy"},{"timestamp":1532516119,"tid":272625005,"price":"8220.1","amount":"0.06080612","exchange":"bitfinex","type":"buy"},{"timestamp":1532516118,"tid":272625000,"price":"8220.1","amount":"0.0203458","exchange":"bitfinex","type":"buy"},{"timestamp":1532516113,"tid":272624992,"price":"8220.1","amount":"0.35","exchange":"bitfinex","type":"buy"},{"timestamp":1532516111,"tid":272624983,"price":"8220.1","amount":"0.005","exchange":"bitfinex","type":"buy"},{"timestamp":1532516108,"tid":272624976,"price":"8220.0","amount":"0.05","exchange":"bitfinex","type":"sell"},{"timestamp":1532516108,"tid":272624975,"price":"8220.1","amount":"0.025","exchange":"bitfinex","type":"buy"},{"timestamp":1532516108,"tid":272624974,"price":"8220.1","amount":"0.005","exchange":"bitfinex","type":"buy"},{"timestamp":1532516106,"tid":272624968,"price":"8220.1","amount":"0.17837194","exchange":"bitfinex","type":"buy"},{"timestamp":1532516103,"tid":272624947,"price":"8220.0","amount":"0.1","exchange":"bitfinex","type":"sell"},{"timestamp":1532516103,"tid":272624946,"price":"8220.1","amount":"0.4847723","exchange":"bitfinex","type":"buy"},{"timestamp":1532516102,"tid":272624945,"price":"8220.0","amount":"0.003","exchange":"bitfinex","type":"sell"},{"timestamp":1532516096,"tid":272624937,"price":"8220.1","amount":"3.0","exchange":"bitfinex","type":"buy"},{"timestamp":1532516095,"tid":272624936,"price":"8220.0","amount":"0.0205719","exchange":"bitfinex","type":"sell"},{"timestamp":1532516087,"tid":272624925,"price":"8220.0","amount":"0.25299101","exchange":"bitfinex","type":"sell"},{"timestamp":1532516087,"tid":272624923,"price":"8220.0","amount":"0.04136","exchange":"bitfinex","type":"sell"},{"timestamp":1532516087,"tid":272624922,"price":"8220.1","amount":"0.4","exchange":"bitfinex","type":"buy"},{"timestamp":1532516084,"tid":272624913,"price":"8220.1","amount":"0.052","exchange":"bitfinex","type":"buy"},{"timestamp":1532516081,"tid":272624904,"price":"8220.0","amount":"0.029979","exchange":"bitfinex","type":"sell"},{"timestamp":1532516078,"tid":272624893,"price":"8220.1","amount":"0.1","exchange":"bitfinex","type":"buy"},{"timestamp":1532516074,"tid":272624882,"price":"8220.1","amount":"0.25","exchange":"bitfinex","type":"buy"},{"timestamp":1532516074,"tid":272624881,"price":"8220.1","amount":"0.00415783","exchange":"bitfinex","type":"buy"},{"timestamp":1532516073,"tid":272624878,"price":"8220.1","amount":"2.4","exchange":"bitfinex","type":"buy"},{"timestamp":1532516064,"tid":272624866,"price":"8220.1","amount":"0.005","exchange":"bitfinex","type":"buy"},{"timestamp":1532516062,"tid":272624855,"price":"8220.1","amount":"0.25","exchange":"bitfinex","type":"buy"},{"timestamp":1532516062,"tid":272624854,"price":"8220.1","amount":"0.11920765","exchange":"bitfinex","type":"buy"},{"timestamp":1532516061,"tid":272624849,"price":"8220.0","amount":"0.1425617","exchange":"bitfinex","type":"sell"},{"timestamp":1532516060,"tid":272624845,"price":"8220.1","amount":"0.005","exchange":"bitfinex","type":"buy"},{"timestamp":1532516059,"tid":272624841,"price":"8220.0","amount":"0.19074957","exchange":"bitfinex","type":"sell"},{"timestamp":1532516059,"tid":272624840,"price":"8220.0","amount":"0.37788","exchange":"bitfinex","type":"sell"},{"timestamp":1532516058,"tid":272624837,"price":"8220.0","amount":"0.28907966","exchange":"bitfinex","type":"sell"},{"timestamp":1532516058,"tid":272624828,"price":"8220.1","amount":"0.1","exchange":"bitfinex","type":"buy"},{"timestamp":1532516056,"tid":272624822,"price":"8220.0","amount":"0.00527408","exchange":"bitfinex","type":"sell"},{"timestamp":1532516055,"tid":272624818,"price":"8220.0","amount":"0.47936138","exchange":"bitfinex","type":"sell"},{"timestamp":1532516054,"tid":272624809,"price":"8220.0","amount":"0.48","exchange":"bitfinex","type":"sell"},{"timestamp":1532516054,"tid":272624807,"price":"8220.0","amount":"0.7299","exchange":"bitfinex","type":"sell"},{"timestamp":1532516053,"tid":272624803,"price":"8220.0","amount":"0.1","exchange":"bitfinex","type":"sell"},{"timestamp":1532516053,"tid":272624791,"price":"8220.0","amount":"0.1","exchange":"bitfinex","type":"sell"},{"timestamp":1532516053,"tid":272624771,"price":"8220.0","amount":"0.05","exchange":"bitfinex","type":"buy"},{"timestamp":1532516053,"tid":272624770,"price":"8219.8","amount":"0.00281363","exchange":"bitfinex","type":"buy"},{"timestamp":1532516053,"tid":272624769,"price":"8219.8","amount":"0.00260423","exchange":"bitfinex","type":"buy"},{"timestamp":1532516053,"tid":272624768,"price":"8219.8","amount":"0.30442257","exchange":"bitfinex","type":"buy"},{"timestamp":1532516053,"tid":272624767,"price":"8219.8","amount":"0.2662225","exchange":"bitfinex","type":"buy"},{"timestamp":1532516053,"tid":272624766,"price":"8219.3","amount":"0.96982722","exchange":"bitfinex","type":"buy"},{"timestamp":1532516053,"tid":272624765,"price":"8217.9","amount":"0.1","exchange":"bitfinex","type":"buy"},{"timestamp":1532516053,"tid":272624764,"price":"8217.9","amount":"0.48","exchange":"bitfinex","type":"buy"},{"timestamp":1532516053,"tid":272624763,"price":"8217.8","amount":"0.202","exchange":"bitfinex","type":"buy"},{"timestamp":1532516053,"tid":272624762,"price":"8217.7","amount":"5.835","exchange":"bitfinex","type":"buy"},{"timestamp":1532516053,"tid":272624761,"price":"8217.4","amount":"0.04331046","exchange":"bitfinex","type":"buy"},{"timestamp":1532516053,"tid":272624760,"price":"8217.1","amount":"0.55663407","exchange":"bitfinex","type":"buy"},{"timestamp":1532516053,"tid":272624759,"price":"8216.8","amount":"0.00257405","exchange":"bitfinex","type":"buy"},{"timestamp":1532516053,"tid":272624758,"price":"8216.8","amount":"0.24916577","exchange":"bitfinex","type":"buy"},{"timestamp":1532516053,"tid":272624757,"price":"8216.7","amount":"0.55162224","exchange":"bitfinex","type":"buy"},{"timestamp":1532516053,"tid":272624756,"price":"8216.1","amount":"0.00327122","exchange":"bitfinex","type":"buy"},{"timestamp":1532516053,"tid":272624755,"price":"8215.5","amount":"0.03494","exchange":"bitfinex","type":"buy"},{"timestamp":1532516053,"tid":272624754,"price":"8215.5","amount":"0.174","exchange":"bitfinex","type":"buy"},{"timestamp":1532516053,"tid":272624753,"price":"8215.4084468","amount":"0.08936","exchange":"bitfinex","type":"buy"},{"timestamp":1532516053,"tid":272624751,"price":"8214.7","amount":"0.00470372","exchange":"bitfinex","type":"buy"},{"timestamp":1532516053,"tid":272624750,"price":"8214.7","amount":"4.92","exchange":"bitfinex","type":"buy"},{"timestamp":1532516053,"tid":272624749,"price":"8214.6","amount":"0.2","exchange":"bitfinex","type":"buy"},{"timestamp":1532516053,"tid":272624748,"price":"8214.3","amount":"0.00314373","exchange":"bitfinex","type":"buy"},{"timestamp":1532516053,"tid":272624747,"price":"8214.3","amount":"0.00478556","exchange":"bitfinex","type":"buy"},{"timestamp":1532516053,"tid":272624746,"price":"8214.3","amount":"0.4","exchange":"bitfinex","type":"buy"},{"timestamp":1532516053,"tid":272624745,"price":"8214.3","amount":"0.1","exchange":"bitfinex","type":"buy"},{"timestamp":1532516053,"tid":272624744,"price":"8212.6","amount":"0.7582052","exchange":"bitfinex","type":"buy"},{"timestamp":1532516053,"tid":272624743,"price":"8212.2","amount":"3.0","exchange":"bitfinex","type":"buy"},{"timestamp":1532516053,"tid":272624742,"price":"8212.0","amount":"0.14","exchange":"bitfinex","type":"buy"},{"timestamp":1532516053,"tid":272624741,"price":"8212.0","amount":"1.5","exchange":"bitfinex","type":"buy"},{"timestamp":1532516053,"tid":272624740,"price":"8211.3","amount":"1.0","exchange":"bitfinex","type":"buy"},{"timestamp":1532516053,"tid":272624739,"price":"8210.2","amount":"1.0","exchange":"bitfinex","type":"buy"},{"timestamp":1532516053,"tid":272624738,"price":"8210.1","amount":"0.067437","exchange":"bitfinex","type":"buy"},{"timestamp":1532516053,"tid":272624737,"price":"8210.1","amount":"1.0","exchange":"bitfinex","type":"buy"},{"timestamp":1532516043,"tid":272624711,"price":"8208.6","amount":"0.01","exchange":"bitfinex","type":"sell"},{"timestamp":1532516042,"tid":272624710,"price":"8209.3","amount":"0.961","exchange":"bitfinex","type":"buy"},{"timestamp":1532516042,"tid":272624709,"price":"8208.7","amount":"0.359","exchange":"bitfinex","type":"buy"},{"timestamp":1532516042,"tid":272624708,"price":"8208.6","amount":"0.75","exchange":"bitfinex","type":"sell"},{"timestamp":1532516040,"tid":272624707,"price":"8208.1","amount":"0.78833896","exchange":"bitfinex","type":"buy"},{"timestamp":1532516040,"tid":272624706,"price":"8207.9","amount":"0.002","exchange":"bitfinex","type":"buy"},{"timestamp":1532516040,"tid":272624705,"price":"8207.9","amount":"0.005","exchange":"bitfinex","type":"buy"},{"timestamp":1532516027,"tid":272624643,"price":"8207.9","amount":"0.005","exchange":"bitfinex","type":"buy"},{"timestamp":1532516025,"tid":272624639,"price":"8207.0","amount":"3.59816076","exchange":"bitfinex","type":"buy"},{"timestamp":1532516025,"tid":272624638,"price":"8206.6","amount":"0.03","exchange":"bitfinex","type":"buy"}]