[{"timestamp":1532516174,"tid":272625176,"price":"471.78","amount":"1.37929653","exchange":null,"type":"sell"},{"timestamp":1532516170,"tid":272625147,"price":"471.79","amount":"0.15","exchange":"bitfinex","type":"buy"},{"timestamp":1532516134,"tid":272625037,"price":"471.57","amount":"1.0461","exchange":"bitfinex","type":"sell"},{"timestamp":1532516120,"tid":272625012,"price":"471.54","amount":"0.26","exchange":"bitfinex","type":"sell"},{"timestamp":1532516113,"tid":272624990,"price":"471.33","amount":"2.46","exchange":"bitfinex","type":"buy"},{"timestamp":1532516112,"tid":272624989,"price":"471.3","amount":"10.0","exchange":null,"type":"buy"},{"timestamp":1532516112,"tid":272624988,"price":"471.3","amount":"3.34160433","exchange":null,"type":"buy"},{"timestamp":1532516106,"tid":272624967,"price":"471.29","amount":"0.11189605","exchange":"bitfinex","type":"sell"},{"timestamp":1532516102,"tid":272624943,"price":"471.29","amount":"0.15958","exchange":"bitfinex","type":"sell"},{"timestamp":1532516085,"tid":272624919,"price":"471.3","amount":"0.14553995","exchange":null,"type":"buy"},{"timestamp":1532516082,"tid":272624905,"price":"471.3","amount":"0.23183411","exchange":null,"type":"buy"},{"timestamp":1532516080,"tid":272624900,"price":"471.3","amount":"0.059247","exchange":null,"type":"buy"},{"timestamp":1532516079,"tid":272624896,"price":"471.3","amount":"0.14480919","exchange":null,"type":"buy"},{"timestamp":1532516077,"tid":272624890,"price":"471.3","amount":"3.63273603","exchange":null,"type":"buy"},{"timestamp":1532516077,"tid":272624889,"price":"471.3","amount":"0.15","exchange":null,"type":"buy"},{"timestamp":1532516073,"tid":272624879,"price":"471.3","amount":"0.14422939","exchange":null,"type":"buy"},{"timestamp":1532516071,"tid":272624875,"price":"471.3","amount":"4.0","exchange":null,"type":"buy"},{"timestamp":1532516067,"tid":272624869,"price":"471.3","amount":"0.15","exchange":null,"type":"buy"},{"timestamp":1532516066,"tid":272624868,"price":"471.29","amount":"0.89243842","exchange":"bitfinex","type":"sell"},{"timestamp":1532516060,"tid":272624844,"price":"471.0","amount":"0.029548","exchange":"bitfinex","type":"buy"},{"timestamp":1532516060,"tid":272624843,"price":"470.96","amount":"10.0","exchange":null,"type":"buy"},{"timestamp":1532516060,"tid":272624842,"price":"470.96","amount":"6.12","exchange":null,"type":"buy"},{"timestamp":1532516059,"tid":272624839,"price":"470.96","amount":"5.88","exchange":null,"type":"buy"},{"timestamp":1532516059,"tid":272624838,"price":"470.96","amount":"0.0005","exchange":null,"type":"buy"},{"timestamp":1532516058,"tid":272624836,"price":"470.96","amount":"11.9995","exchange":null,"type":"buy"},{"timestamp":1532516058,"tid":272624835,"price":"470.96","amount":"0.4005","exchange":"bitfinex","type":"buy"},{"timestamp":1532516056,"tid":272624820,"price":"470.92","amount":"10.0","exchange":null,"type":"buy"},{"timestamp":1532516055,"tid":272624815,"price":"470.83","amount":"12.0","exchange":null,"type":"buy"},{"timestamp":1532516055,"tid":272624814,"price":"470.83","amount":"9.72","exchange":null,"type":"buy"},{"timestamp":1532516050,"tid":272624727,"price":"470.83","amount":"0.28","exchange":null,"type":"buy"},{"timestamp":1532516046,"tid":272624723,"price":"470.82","amount":"4.9381","exchange":"bitfinex","type":"sell"},{"timestamp":1532516034,"tid":272624677,"price":"470.54","amount":"10.0","exchange":null,"type":"buy"},{"timestamp":1532516034,"tid":272624676,"price":"470.54","amount":"5.0","exchange":"bitfinex","type":"buy"},{"timestamp":1532516034,"tid":272624675,"price":"470.54","amount":"2.21258397","exchange":null,"type":"buy"},{"timestamp":1532516033,"tid":272624674,"price":"470.54","amount":"0.75258786","exchange":null,"type":"buy"},{"timestamp":1532516033,"tid":272624673,"price":"470.54","amount":"0.70308214","exchange":null,"type":"buy"},{"timestamp":1532516032,"tid":272624672,"price":"470.54","amount":"0.71998737","exchange":null,"type":"buy"},{"timestamp":1532516032,"tid":272624671,"price":"470.54","amount":"0.68814674","exchange":null,"type":"buy"},{"timestamp":1532516031,"tid":272624670,"price":"470.54","amount":"0.81973287","exchange":null,"type":"buy"},{"timestamp":1532516031,"tid":272624665,"price":"470.54","amount":"1.02477894","exchange":null,"type":"buy"},{"timestamp":1532516030,"tid":272624664,"price":"470.54","amount":"1.65531808","exchange":null,"type":"buy"},{"timestamp":1532516030,"tid":272624663,"price":"470.54","amount":"0.79791495","exchange":null,"type":"buy"},{"timestamp":1532516030,"tid":272624662,"price":"470.54","amount":"0.64084239","exchange":null,"type":"buy"},{"timestamp":1532516028,"tid":272624647,"price":"470.54","amount":"0.1","exchange":null,"type":"buy"},{"timestamp":1532516027,"tid":272624646,"price":"470.54","amount":"1.88502469","exchange":null,"type":"buy"},{"timestamp":1532516027,"tid":272624645,"price":"470.54","amount":"3.03459799","exchange":null,"type":"buy"},{"timestamp":1532516027,"tid":272624644,"price":"470.54","amount":"2.36282065","exchange":null,"type":"buy"},{"timestamp":1532516026,"tid":272624642,"price":"470.53","amount":"4.7374","exchange":"bitfinex","type":"sell"},{"timestamp":1532516023,"tid":272624629,"price":"470.53","amount":"0.617","exchange":"bitfinex","type":"sell"},{"timestamp":1532516022,"tid":272624622,"price":"470.53","amount":"0.216","exchange":"bitfinex","type":"sell"},{"timestamp":1532516022,"tid":272624620,"price":"470.54","amount":"0.30910511","exchange":null,"type":"buy"},{"timestamp":1532516022,"tid":272624619,"price":"470.54","amount":"0.09847948","exchange":null,"type":"buy"},{"timestamp":1532516022,"tid":272624616,"price":"470.54","amount":"0.04529068","exchange":null,"type":"buy"},{"timestamp":1532516022,"tid":272624615,"price":"470.53586714","amount":"1.07570932","exchange":"bitfinex","type":"buy"},{"timestamp":1532516021,"tid":272624607,"price":"470.53586714","amount":"0.40691692","exchange":"bitfinex","type":"buy"},{"timestamp":1532516021,"tid":272624600,"price":"470.53586714","amount":"0.51737376","exchange":"bitfinex","type":"buy"},{"timestamp":1532516021,"tid":272624598,"price":"470.53","amount":"1.63","exchange":"bitfinex","type":"sell"},{"timestamp":1532516021,"tid":272624597,"price":"470.53","amount":"0.5","exchange":"bitfinex","type":"sell"},{"timestamp":1532516007,"tid":272624567,"price":"470.53","amount":"2.09159659","exchange":"bitfinex","type":"sell"},{"timestamp":1532516007,"tid":272624566,"price":"470.53","amount":"1.0","exchange":"bitfinex","type":"sell"},{"timestamp":1532516007,"tid":272624565,"price":"470.53","amount":"1.21500341","exchange":"bitfinex","type":"sell"},{"timestamp":1532516005,"tid":272624562,"price":"470.53","amount":"3.78499659","exchange":"bitfinex","type":"sell"},{"timestamp":1532516005,"tid":272624561,"price":"470.53","amount":"4.08495341","exchange":"bitfinex","type":"sell"},{"timestamp":1532515998,"tid":272624551,"price":"470.53","amount":"10.91504659","exchange":"bitfinex","type":"sell"},{"timestamp":1532515998,"tid":272624550,"price":"470.53","amount":"11.0","exchange":null,"type":"sell"},{"timestamp":1532515998,"tid":272624549,"price":"470.53","amount":"1.4345386","exchange":null,"type":"sell"},{"timestamp":1532515994,"tid":272624545,"price":"470.54","amount":"4.1","exchange":null,"type":"buy"},{"timestamp":1532515986,"tid":272624523,"price":"470.53","amount":"4.48679999","exchange":null,"type":"sell"},{"timestamp":1532515985,"tid":272624522,"price":"470.54","amount":"0.04970609","exchange":null,"type":"buy"},{"timestamp":1532515974,"tid":272624511,"price":"470.53","amount":"4.2662","exchange":null,"type":"sell"},{"timestamp":1532515921,"tid":272624425,"price":"470.53","amount":"0.81246141","exchange":null,"type":"sell"},{"timestamp":1532515921,"tid":272624424,"price":"470.53","amount":"14.3103","exchange":"bitfinex","type":"sell"},{"timestamp":1532515919,"tid":272624416,"price":"470.53","amount":"0.5","exchange":"bitfinex","type":"sell"},{"timestamp":1532515914,"tid":272624400,"price":"470.53","amount":"0.07","exchange":"bitfinex","type":"sell"},{"timestamp":1532515910,"tid":272624390,"price":"470.53","amount":"0.1197","exchange":"bitfinex","type":"sell"},{"timestamp":1532515901,"tid":272624368,"price":"470.61","amount":"0.14420545","exchange":"bitfinex","type":"sell"},{"timestamp":1532515897,"tid":272624360,"price":"470.65","amount":"1.93543506","exchange":null,"type":"sell"},{"timestamp":1532515897,"tid":272624358,"price":"470.65","amount":"3.53606494","exchange":null,"type":"sell"},{"timestamp":1532515893,"tid":272624345,"price":"470.65","amount":"3.64504317","exchange":null,"type":"sell"},{"timestamp":1532515891,"tid":272624338,"price":"470.65","amount":"0.50993308","exchange":null,"type":"sell"},{"timestamp":1532515888,"tid":272624327,"price":"470.65","amount":"0.14416654","exchange":null,"type":"sell"},{"timestamp":1532515888,"tid":272624326,"price":"470.65","amount":"1.15333227","exchange":null,"type":"sell"},{"timestamp":1532515888,"tid":272624325,"price":"470.65","amount":"2.01146","exchange":null,"type":"sell"},{"timestamp":1532515873,"tid":272624264,"price":"470.64","amount":"6.364","exchange":"bitfinex","type":"sell"},{"timestamp":1532515872,"tid":272624252,"price":"470.8","amount":"5.0","exchange":"bitfinex","type":"sell"},{"timestamp":1532515871,"tid":272624240,"price":"470.92","amount":"2.0","exchange":null,"type":"sell"},{"timestamp":1532515871,"tid":272624226,"price":"471.0","amount":"0.000452","exchange":"bitfinex","type":"sell"},{"timestamp":1532515870,"tid":272624224,"price":"471.0","amount":"1.894","exchange":"bitfinex","type":"sell"},{"timestamp":1532515869,"tid":272624220,"price":"471.2","amount":"0.02972768","exchange":null,"type":"sell"},{"timestamp":1532515869,"tid":272624219,"price":"471.2","amount":"0.00027232","exchange":"bitfinex","type":"sell"},{"timestamp":1532515869,"tid":272624213,"price":"471.2","amount":"3.434","exchange":"bitfinex","type":"sell"},{"timestamp":1532515867,"tid":272624209,"price":"471.24","amount":"10.99934215","exchange":null,"type":"sell"},{"timestamp":1532515867,"tid":272624208,"price":"471.24","amount":"11.0","exchange":null,"type":"sell"},{"timestamp":1532515867,"tid":272624207,"price":"471.24","amount":"9.30865785","exchange":null,"type":"sell"},{"timestamp":1532515857,"tid":272624131,"price":"471.24","amount":"1.5683541","exchange":null,"type":"sell"},{"timestamp":1532515857,"tid":272624130,"price":"471.24","amount":"0.06143305","exchange":null,"type":"sell"},{"timestamp":1532515857,"tid":272624124,"price":"471.24","amount":"0.061555","exchange":null,"type":"sell"},{"timestamp":1532515844,"tid":272624010,"price":"471.4","amount":"4.05454048","exchange":null,"type":"buy"},{"timestamp":1532515844,"tid":272624009,"price":"471.39","amount":"0.6","exchange":"bitfinex","type":"buy"},{"timestamp":1532515844,"tid":272624008,"price":"471.38","amount":"0.5","exchange":"bitfinex","type":"buy"}]